
@article{tay2011data,
  title={Data generation for application-specific benchmarking},
  author={Tay, Y},
  journal={VLDB, Challenges and Visions},
  year={2011}
}

@inproceedings{seltzer1999case,
  title={The case for application-specific benchmarking},
  author={Seltzer, Margo and Krinsky, David and Smith, Keith and Zhang, Xiaolan},
  booktitle={Hot Topics in Operating Systems, 1999. Proceedings of the Seventh Workshop on},
  pages={102--107},
  year={1999},
  organization={IEEE}
}

@inproceedings{kennedy2015pocket,
  title={Pocket data: The need for TPC-MOBILE},
  author={Kennedy, Oliver and Ajay, Jerry and Challen, Geoffrey and Ziarek, Lukasz},
  booktitle={Technology Conference on Performance Evaluation and Benchmarking},
  pages={8--25},
  year={2015},
  organization={Springer}
}

@inproceedings{stonebraker2009new,
  title={A new direction for tpc?},
  author={Stonebraker, Michael},
  booktitle={Technology Conference on Performance Evaluation and Benchmarking},
  pages={11--17},
  year={2009},
  organization={Springer}
}

@article{alexandrov2012myriad,
  title={Myriad: scalable and expressive data generation},
  author={Alexandrov, Alexander and Tzoumas, Kostas and Markl, Volker},
  journal={Proceedings of the VLDB Endowment},
  volume={5},
  number={12},
  pages={1890--1893},
  year={2012},
  publisher={VLDB Endowment}
}

@inproceedings{rabl2011parallel,
  title={Parallel data generation for performance analysis of large, complex RDBMS},
  author={Rabl, Tilmann and Poess, Meikel},
  booktitle={Proceedings of the Fourth International Workshop on Testing Database Systems},
  pages={5},
  year={2011},
  organization={ACM}
}

@inproceedings{zhang2001automatic,
  title={Automatic generation of database instances for white-box testing},
  author={Zhang, Jian and Xu, Chen and Cheung, S-C},
  booktitle={Computer Software and Applications Conference, 2001. COMPSAC 2001. 25th Annual International},
  pages={161--165},
  year={2001},
  organization={IEEE}
}

@inproceedings{bartak1999constraint,
  title={Constraint programming: In pursuit of the holy grail},
  author={Bart{\'a}k, Roman},
  booktitle={Proceedings of the Week of Doctoral Students (WDS99)},
  pages={555--564},
  year={1999}
}

@article{rabl2010data,
  title={A Data Generator for Cloud-Scale Benchmarking.},
  author={Rabl, Tilmann and Frank, Michael and Sergieh, Hatem Mousselly and Kosch, Harald},
  journal={TPCTC},
  volume={10},
  pages={41--56},
  year={2010},
  publisher={Springer}
}

@inproceedings{burzanska2009pushing,
  title={Pushing Predicates into Recursive SQL Common Table Expressions.},
  author={Burzanska, Marta and Stencel, Krzysztof and Wisniewski, Piotr},
  booktitle={ADBIS},
  volume={5739},
  pages={194--205},
  year={2009},
  organization={Springer}
}

@inproceedings{chaudhuri2003primitives,
  title={Primitives for workload summarization and implications for SQL},
  author={Chaudhuri, Surajit and Ganesan, Prasanna and Narasayya, Vivek},
  booktitle={Proceedings of the 29th international conference on Very large data bases-Volume 29},
  pages={730--741},
  year={2003},
  organization={VLDB Endowment}
}